<?xml version="1.0" encoding="UTF-8"?>
<!-- QR-Rechnungs-Zahlungen (Zahlungsart D) -->
<!-- QR-bill payments (payment type D) -->
<Document xmlns="urn:iso:std:iso:20022:tech:xsd:pain.001.001.09" xmlns:xsi="http://www.w3.org/2001/XMLSchema-instance" xsi:schemaLocation="urn:iso:std:iso:20022:tech:xsd:pain.001.001.09 pain.001.001.09.ch.03.xsd">
<CstmrCdtTrfInitn>
<GrpHdr>
<MsgId>MsgId-BPD-C-POS</MsgId>
<CreDtTm>2023-08-01T00:00:00</CreDtTm>
<NbOfTxs>3</NbOfTxs>
<CtrlSum>6000.00</CtrlSum>
<InitgPty>
<Nm>Max Muster</Nm>
<CtctDtls>
<Othr>
<ChanlTp>NAME</ChanlTp>
<Id>ISO 20022 Test Platform</Id>
</Othr>
<Othr>
<ChanlTp>PRVD</ChanlTp>
<Id>Credit Suisse</Id>
</Othr>
<Othr>
<ChanlTp>VRSN</ChanlTp>
<Id>1.2</Id>
</Othr>
<Othr>
<ChanlTp>SPSV</ChanlTp>
<Id>0201</Id>
</Othr>
</CtctDtls>
</InitgPty>
</GrpHdr>
<PmtInf>
<PmtInfId>PmtInfId-BPD-C-POS-01</PmtInfId>
<PmtMtd>TRF</PmtMtd>
<BtchBookg>true</BtchBookg>
<ReqdExctnDt>
<Dt>2025-07-31</Dt>
</ReqdExctnDt>
<Dbtr>
<Nm>Max Muster</Nm>
</Dbtr>
<DbtrAcct>
<Id>
<IBAN>CH3704835833740031000</IBAN>
</Id>
<Tp>
<Prtry>CWD</Prtry>
</Tp>
</DbtrAcct>
<DbtrAgt>
<FinInstnId>
<BICFI>CRESCHZZ80A</BICFI>
</FinInstnId>
</DbtrAgt>
<UltmtDbtr>
<Nm>Fritz Mueller</Nm>
<PstlAdr>
<StrtNm>Rosenweg</StrtNm>
<BldgNb>6</BldgNb>
<PstCd>3110</PstCd>
<TwnNm>Muensingen</TwnNm>
<Ctry>CH</Ctry>
</PstlAdr>
</UltmtDbtr>
<CdtTrfTxInf>
<PmtId>
<InstrId>InstrId-BPD-C-POS-01-01</InstrId>
<EndToEndId>EndToEndId-BPD-C-POS-01-01</EndToEndId>
</PmtId>
<Amt>
<InstdAmt Ccy="CHF">1000.00</InstdAmt>
</Amt>
<Cdtr>
<Nm>BPD-C-POS</Nm>
<PstlAdr>
<StrtNm>Musterstrasse</StrtNm>
<BldgNb>1</BldgNb>
<PstCd>1234</PstCd>
<TwnNm>Musterstadt</TwnNm>
<Ctry>CH</Ctry>
</PstlAdr>
</Cdtr>
<CdtrAcct>
<Id>
<IBAN>CH5031000012345678009</IBAN>
</Id>
</CdtrAcct>
<RmtInf>
<Strd>
<CdtrRefInf>
<Tp>
<CdOrPrtry>
<Prtry>QRR</Prtry>
</CdOrPrtry>
</Tp>
<Ref>210000000003139471430009017</Ref>
</CdtrRefInf>
<AddtlRmtInf>Auftrag vom 15.10.2023</AddtlRmtInf>
</Strd>
</RmtInf>
</CdtTrfTxInf>
<CdtTrfTxInf>
<PmtId>
<InstrId>InstrId-BPD-C-POS-01-02</InstrId>
<EndToEndId>EndToEndId-BPD-C-POS-01-02</EndToEndId>
</PmtId>
<Amt>
<InstdAmt Ccy="CHF">2000.00</InstdAmt>
</Amt>
<Cdtr>
<Nm>BPD-C-POS</Nm>
<PstlAdr>
<StrtNm>Place du Marché</StrtNm>
<BldgNb>1</BldgNb>
<PstCd>2222</PstCd>
<TwnNm>Village</TwnNm>
<Ctry>CH</Ctry>
</PstlAdr>
</Cdtr>
<CdtrAcct>
<Id>
<IBAN>CH5604835012345678009</IBAN>
</Id>
</CdtrAcct>
<RmtInf>
<Strd>
<CdtrRefInf>
<Tp>
<CdOrPrtry>
<Cd>SCOR</Cd>
</CdOrPrtry>
</Tp>
<Ref>RF18000000000539007547034</Ref>
</CdtrRefInf>
<AddtlRmtInf>Déduction faite de 3% d'escompte</AddtlRmtInf>
</Strd>
</RmtInf>
</CdtTrfTxInf>
<CdtTrfTxInf>
<PmtId>
<InstrId>InstrId-BPD-A-POS-01-03</InstrId>
<EndToEndId>EndToEndId-BPD-A-POS-01-03</EndToEndId>
</PmtId>
<Amt>
<InstdAmt Ccy="CHF">3000.00</InstdAmt>
</Amt>
<Cdtr>
<Nm>BPD-C-POS</Nm>
<PstlAdr>
<StrtNm>Musterstrasse</StrtNm>
<BldgNb>3</BldgNb>
<PstCd>1234</PstCd>
<TwnNm>Musterstadt</TwnNm>
<Ctry>CH</Ctry>
</PstlAdr>
</Cdtr>
<CdtrAcct>
<Id>
<IBAN>CH5604835012345678009</IBAN>
</Id>
</CdtrAcct>
<RmtInf>
<Ustrd>Membership</Ustrd>
</RmtInf>
</CdtTrfTxInf>
</PmtInf>
</CstmrCdtTrfInitn>
</Document>
